<?xml version="1.0" encoding="UTF-8"?><collection xmlns="http://www.loc.gov/MARC21/slim"><record><leader>00555nam--2200181-i-4500</leader><controlfield tag="001">000040142</controlfield><controlfield tag="002">20161230</controlfield><controlfield tag="005">20161230201042</controlfield><controlfield tag="008">060222s1000------------r-----000-0-eng-d</controlfield><datafield ind1=" " ind2=" " tag="040"><subfield code="a">IFIN-HH</subfield></datafield><datafield ind1=" " ind2=" " tag="080"><subfield code="a">519.3:51:53</subfield></datafield><datafield ind1="1" ind2=" " tag="100"><subfield code="a">Rund, Hanno</subfield></datafield><datafield ind1="1" ind2="0" tag="245"><subfield code="a">The hamilton-jacobi theory in the calculus of variations. its role in mathematics and physics</subfield><subfield code="c">Hanno rund</subfield></datafield><datafield ind1=" " ind2=" " tag="260"><subfield code="a">London</subfield><subfield code="b">D.Van Nostrand Company Ltd</subfield><subfield code="c">1966</subfield></datafield><datafield ind1=" " ind2=" " tag="300"><subfield code="a">XI + 404P</subfield></datafield><datafield ind1=" " ind2=" " tag="490"><subfield code="a">The New University Mathematics Series</subfield></datafield><datafield ind1=" " ind2=" " tag="852"><subfield code="a">28419</subfield><subfield code="c">519.3</subfield></datafield><datafield ind1=" " ind2=" " tag="CAT"><subfield code="a">Sys</subfield><subfield code="c">20130808</subfield><subfield code="h">155122</subfield></datafield></record></collection>